@INPROCEEDINGS{Yang04facerecognition,
    author = {Peng Yang and Shiguang Shan and Wen Gao and Stan Z. Li and Dong Zhang},
    title = {Face Recognition Using Ada-Boosted Gabor Features},
    booktitle = {in: Proceedings of the 16th International Conference on Face and Gesture Recognition},
    year = {2004},
    pages = {356--361}
}

@article{huang2005robust,
  title={{Robust face detection using Gabor filter features}},
  author={Huang, L.L. and Shimizu, A. and Kobatake, H.},
  journal={Pattern Recognition Letters},
  volume={26},
  number={11},
  pages={1641--1649},
  year={2005},
  publisher={Elsevier}
}

@article{daugman1985uncertainty,
  title={{Uncertainty relation for resolution in space, spatial frequency, and orientation optimized by two-dimensional visual cortical filters}},
  author={Daugman, J.G.},
  journal={Journal of the Optical Society of America A},
  volume={2},
  number={7},
  pages={1160--1169},
  year={1985},
  publisher={OSA}
}

@Article{bhuiyan2007onfacerecognition,
  author = 	 {Bhuiyan,, Al--Amin and Liu, Hong, Chang},
  title = 	 {On face recognition using Gabor filters},
  journal = 	 {World Academy of Science, Engineering and Technology 28 2007},
  year = 	 {2007}
}

@Manual{petkovgabor,
  title = 	 {Gabor filter for image processing and computer vision},
  author = 	 {Petkov,, Nicolai and Wieling,, Martijn},
  organization = {University of Groningen},
  year = 	 {2008},
  note = 	 {http://matlabserver.cs.rug.nl/ edgedetectionweb/web/edgedetection\_params.html}
}
@article{shen2007gabor,
  title={{Gabor wavelets and general discriminant analysis for face identification and verification}},
  author={Shen, L.L. and Bai, L. and Fairhurst, M.},
  journal={Image and Vision Computing},
  volume={25},
  number={5},
  pages={553--563},
  year={2007},
  publisher={Elsevier}
}
@article{keerthi2003asymptotic,
  title={{Asymptotic behaviors of support vector machines with Gaussian kernel}},
  author={Keerthi, S.S. and Lin, C.J.},
  journal={Neural Computation},
  volume={15},
  number={7},
  pages={1667--1689},
  year={2003},
  publisher={MIT Press}
}

@Manual{CC01a,
  author =	 {Chih-Chung Chang and Chih-Jen Lin},
  title =	 {{LIBSVM}: a library for support vector machines},
  year =	 {2001},
  note =	 {Software available at \url{http://www.csie.ntu.edu.tw/~cjlin/libsvm}}
}
